<?xml version="1.0" encoding="UTF-8"?><collection><record><leader>02122ntm a2200361 a 4500</leader><controlfield tag="001">002601787</controlfield><controlfield tag="003">MiAaHDL</controlfield><controlfield tag="005">20190719000000.0</controlfield><controlfield tag="006">m        d        </controlfield><controlfield tag="007">cr bn ---auaua</controlfield><controlfield tag="008">930310s1883    xx            00||  ara d</controlfield><datafield tag="035" ind1=" " ind2=" "><subfield code="a">(MiU)002601787</subfield></datafield><datafield tag="035" ind1=" " ind2=" "><subfield code="a">sdr-miu002601787</subfield></datafield><datafield tag="035" ind1=" " ind2=" "><subfield code="a">(OCoLC)34365831</subfield></datafield><datafield tag="035" ind1=" " ind2=" "><subfield code="a">(RLIN)MIUH93-A27</subfield></datafield><datafield tag="040" ind1=" " ind2=" "><subfield code="a">MiU</subfield><subfield code="c">MiU</subfield><subfield code="e">appm</subfield><subfield code="d">MiU</subfield></datafield><datafield tag="245" ind1="0" ind2="0"><subfield code="a">Commentary on Tuḥfat al-ikhwān by Aḥmad ibn Qāsim :</subfield><subfield code="k">manuscript,</subfield><subfield code="f">[1883].</subfield></datafield><datafield tag="300" ind1=" " ind2=" "><subfield code="a">1</subfield><subfield code="f">v. ([116] p.) ;</subfield><subfield code="c">17 cm.</subfield></datafield><datafield tag="500" ind1=" " ind2=" "><subfield code="a">Watermark: Andrea Galvani of Pordenone. See Edward Heawood, Watermarks, Mainly of the 17th and 18th Centuries (Hilversum, 1950), p. 36 and no.860.</subfield></datafield><datafield tag="500" ind1=" " ind2=" "><subfield code="a">Text rubricated; marginal notes and corrections in hand of copyist.</subfield></datafield><datafield tag="500" ind1=" " ind2=" "><subfield code="a">Date and copyist's name in colophon: wa-kāna al-farāgh min kitābat hādhihi al-nuskhah yawm al-sabt muwāfiq arbaʻah ayyām khalat min Dhī al-Ḥijjah alladhī huwa min shuhūr sanat 1300 [6 October 1883] muwāfiq 26 Tūt sanat 1600 qibṭīyah ʻalá yad kātibihi Aḥmad Saʻd Luqbā[?] al-Marṣafī baladan al-Shāfiʻī madhhaban.</subfield></datafield><datafield tag="520" ind1=" " ind2=" "><subfield code="a">Commentary by unidentified author on Tuḥfat al-ikhwān, a poem on timekeeping by Aḥmad ibn Qāsim.</subfield></datafield><datafield tag="538" ind1=" " ind2=" "><subfield code="a">Mode of access: Internet.</subfield></datafield><datafield tag="541" ind1=" " ind2=" "><subfield code="d">07/--/36</subfield><subfield code="3">Manuscript</subfield><subfield code="a">McGregor Fund</subfield><subfield code="c">Purchase, 1933/34</subfield><subfield code="h">10 p.t.</subfield></datafield><datafield tag="561" ind1=" " ind2=" "><subfield code="a">Purchased in Cairo, 1933/34. Owner's mark: on p. [1], manuscript notes in handwriting of Max Meyerhof.</subfield></datafield><datafield tag="600" ind1="0" ind2="4"><subfield code="6">880-01</subfield><subfield code="a">Aḥmad ibn Qāsim,</subfield><subfield code="d">1813 or 14-ca. 1856 or 7.</subfield><subfield code="t">Tuḥfat al-ikhwān.</subfield></datafield><datafield tag="650" ind1=" " ind2="0"><subfield code="a">Horology.</subfield></datafield><datafield tag="650" ind1=" " ind2="0"><subfield code="a">Astronomy, Arab.</subfield></datafield><datafield tag="650" ind1=" " ind2="0"><subfield code="a">Manuscripts, Arabic</subfield><subfield code="z">Michigan</subfield><subfield code="z">Ann Arbor.</subfield></datafield><datafield tag="700" ind1="0" ind2="0"><subfield code="6">880-02</subfield><subfield code="a">Aḥmad ibn Qāsim,</subfield><subfield code="d">1813 or 14-ca. 1856 or 7.</subfield><subfield code="t">Tuḥfat al-ikhwān.</subfield></datafield><datafield tag="700" ind1="1" ind2=" "><subfield code="a">Meyerhof, Max,</subfield><subfield code="d">1874-1945,</subfield><subfield code="e">former owner.</subfield></datafield><datafield tag="773" ind1="0" ind2=" "><subfield code="7">unbc</subfield><subfield code="a">Tracy W. McGregor Collection of Arabic, Persian, and Turkish Mathematical and Astronomical Manuscripts.</subfield><subfield code="w">(CStRLIN)MIUH92-A20.</subfield></datafield><datafield tag="880" ind1="0" ind2="0"><subfield code="6">700-02/</subfield><subfield code="a">أحمد بن قاسم.</subfield><subfield code="t">تحفة الاخوان.</subfield></datafield><datafield tag="880" ind1="0" ind2="4"><subfield code="6">600-01/</subfield><subfield code="a">أحمد بن قاسم.</subfield><subfield code="t">تحفة الاخوان.</subfield></datafield><datafield tag="CID" ind1=" " ind2=" "><subfield code="a">002601787</subfield></datafield><datafield tag="DAT" ind1="0" ind2=" "><subfield code="a">20190719102632.0</subfield><subfield code="b">20190719000000.0</subfield></datafield><datafield tag="DAT" ind1="1" ind2=" "><subfield code="a">20190719090653.0</subfield><subfield code="b">2019-07-19T16:10:39Z</subfield></datafield><datafield tag="DAT" ind1="2" ind2=" "><subfield code="a">2015-10-10T18:00:06Z</subfield><subfield code="b">2014-03-05T21:00:03Z</subfield></datafield><datafield tag="CAT" ind1=" " ind2=" "><subfield code="a">SDR-MIU</subfield><subfield code="d">EX LIBRIS - ALEPH</subfield><subfield code="l">prepare.pl-004-008</subfield></datafield><datafield tag="FMT" ind1=" " ind2=" "><subfield code="a">BK</subfield></datafield><datafield tag="HOL" ind1=" " ind2=" "><subfield code="0">sdr-miu002601787</subfield><subfield code="a">MiU</subfield><subfield code="b">SDR</subfield><subfield code="c">MIU</subfield><subfield code="p">mdp.39015081447354</subfield><subfield code="s">MIU</subfield><subfield code="1">002601787</subfield></datafield><datafield tag="974" ind1=" " ind2=" "><subfield code="b">MIU</subfield><subfield code="c">MIU</subfield><subfield code="d">20190719</subfield><subfield code="s">lit-dlps-dc</subfield><subfield code="u">mdp.39015081447354</subfield><subfield code="y">1883</subfield><subfield code="r">pd</subfield><subfield code="q">exp</subfield></datafield></record></collection>